@article{hamt,
  author = {Bagwell, Phil},
  year = {2001},
  month = {11},
  pages = {},
  title = {Ideal Hash Trees}
}
@article{adams,
  title={Functional Pearls Efficient sets—a balancing act},
  volume={3},
  DOI={10.1017/S0956796800000885},
  number={4},
  journal={Journal of Functional Programming},
  publisher={Cambridge University Press},
  author={Adams, Stephen},
  year={1993},
  pages={553–561}
}

